@article{GoyeEfteBoum2024,
  title = {Computing {{Second-Order Points Under Equality Constraints}}: {{Revisiting Fletcher}}'s {{Augmented Lagrangian}}},
  shorttitle = {Computing {{Second-Order Points Under Equality Constraints}}},
  author = {Goyens, Florentin and Eftekhari, Armin and Boumal, Nicolas},
  year = {2024},
  month = jun,
  journal = {Journal of Optimization Theory and Applications},
  volume = {201},
  number = {3},
  pages = {1198--1228},
  issn = {0022-3239, 1573-2878},
  doi = {10.1007/s10957-024-02421-6},
  urldate = {2025-01-23},
  langid = {english}
}

@article{396bf6e1-ef54-3bf6-a49b-862db8404076,
 ISSN = {00361445, 10957200},
 URL = {http://www.jstor.org/stable/2030248},
 abstract = {This paper surveys perturbation theory for the pseudo-inverse (Moore-Penrose generalized inverse), for the orthogonal projection onto the column space of a matrix, and for the linear least squares problem.},
 author = {G. W. Stewart},
 journal = {SIAM Review},
 number = {4},
 pages = {634--662},
 publisher = {Society for Industrial and Applied Mathematics},
 title = {On the Perturbation of Pseudo-Inverses, Projections and Linear Least Squares Problems},
 urldate = {2024-10-21},
 volume = {19},
 year = {1977}
}

@article{STEWART1979213,
title = {A note on the perturbation of singular values},
journal = {Linear Algebra and its Applications},
volume = {28},
pages = {213-216},
year = {1979},
issn = {0024-3795},
doi = {https://doi.org/10.1016/0024-3795(79)90134-4},
url = {https://www.sciencedirect.com/science/article/pii/0024379579901344},
author = {G.W. Stewart},
abstract = {In this note a variant of the classical perturbation theorem for singular values is given. The bounds explain why perturbations will tend to increase rather than decrease singular values of the same order of magnitude as the perturbation.}
}

@book{Garcia_Horn_2017, place={Cambridge}, series={Cambridge Mathematical Textbooks}, title={A Second Course in Linear Algebra}, publisher={Cambridge University Press}, author={Garcia, Stephan Ramon and Horn, Roger A.}, year={2017}, collection={Cambridge Mathematical Textbooks}
} 
@inproceedings{mokhtari2019efficient,
  title={Efficient nonconvex empirical risk minimization via adaptive sample size methods},
  author={Mokhtari, Aryan and Ozdaglar, Asuman and Jadbabaie, Ali},
  booktitle={The 22nd International Conference on Artificial Intelligence and Statistics},
  pages={2485--2494},
  year={2019},
  organization={PMLR}
}

@article{gallier2019linear,
  title={Linear algebra for computer vision, robotics, and machine learning},
  author={Gallier, Jean and Quaintance, Jocelyn},
  journal={University of Pennsylvania},
  year={2019}
}